% Encoding: UTF-8

@Article{ROE79,
  author  = {Otto E. Rössler},
  journal = {New York Acadamy of Sciences},
  title   = {Continuous Chaos - Four Prototype Equations},
  year    = {1979},
  pages   = {376-392},
}

@Article{GAS05,
  author  = {Pierre Gaspard},
  journal = {Encyclopedia of Nonlinear Science},
  title   = {Rössler Systems},
  year    = {2005},
  pages   = {808-811},
}

@Book{LUN10,
  author    = {Jan Lunze},
  publisher = {Springer Berlin Heidelberg},
  title     = {Regelungstechnik 1},
  year      = {2010},
  isbn      = {978-3-642-13807-2},
  doi       = {10.1007/978-3-642-13808-9},
}

@Book{ISI95,
  author    = {Alberto Isidori},
  publisher = {Springer London},
  title     = {Nonlinear Control Systems},
  year      = {1995},
  edition   = {Third},
  isbn      = {978-1-4471-3909-6},
  doi       = {10.1007/978-1-84628-615-5},
}

@Article{BYISWI91,
  author  = {Christopher I. Byrnes; Alberto Isidori.; Jan C. Willems},
  journal = {IEEE Transactions on Automatic Control},
  title   = {Passivity, Feedback Equivalence, and the Global Stabilization of Minimum Phase Nonlinear Systems},
  year    = {1991},
  month   = nov,
  number  = {11},
  pages   = {1228-1240},
  volume  = {36},
}

@Book{LUD95,
  author    = {Günter Ludyk},
  publisher = {Springer Berlin Heidelberg},
  title     = {Theoretische Regelungstechnik 1},
  year      = {1995},
  isbn      = {978-3-540-55041-9},
  doi       = {10.1007/978-3-642-77221-4},
}

@Article{WIL72a,
  author  = {Jan C. Willems},
  journal = {Archive for Rational Mechanics and Analysis},
  title   = {Dissipative Dynamical Systems Part 1: General Theory},
  year    = {1972},
  month   = jan,
  pages   = {321-351},
  volume  = {45},
}

@Article{WIL72b,
  author  = {Jan C. Willems},
  journal = {Archive for Rational Mechanics and Analysis},
  title   = {Dissipative Dynamical Systems Part 2: Linear Systems with Quadratic Supply Rates},
  year    = {1972},
  month   = jan,
  pages   = {352-393},
  volume  = {45},
}

@Misc{NEL18,
  author = {Oliver Nelles},
  month  = jan,
  title  = {Präsentation zur Vorlesung: Regelungstechnik},
  year   = {2018},
}

@Unpublished{KNHE20,
  author = {Carsten Knoll; Robert Heedt},
  note   = {[Soll im: System Theory, Control and Computing Journal veröffentlicht werden.]},
  title  = {Tool-based Support for the FAIR Principles for Control Theoretic Results: "The Automatic Control Knowledge Repository"},
  year   = {2020},
}

@Book{ADA14,
  author    = {Jürgen Adamy},
  publisher = {Springer Berlin Heidelberg},
  title     = {Nichtlineare Systeme und Regelungen},
  year      = {2014},
  edition   = {2},
  isbn      = {978-3-642-45012-9},
  doi       = {10.1007/978-3-642-45013-6},
}

@Book{ROEB17,
  author    = {Klaus Röbenack},
  publisher = {Springer Berlin Heidelberg},
  title     = {Nichtlineare Regelungssysteme},
  year      = {2017},
  doi       = {10.1007/978-3-662-44091-9},
}

@Comment{jabref-meta: databaseType:bibtex;}
